@book{Abdelzaher,
author = {T. Abdelzaher},
publisher = {IEEE/IFIP Intl. Conf. on in Embedded and Ubiquitous Computing},
title = {Research Challenges in Distributed Cyber-Physical Systems},
year = {2008},
}

@incollection{Baheti,
author = {R. Baheti and H. Gill},
booktitle = {The Impact of Control Technology},
editor = {T. Samad and A. M. Annaswamy},
title = {Cyber-Physical Systems},
year = {2011},
}

@book{Bogdan,
author = {P. Bogdan and R. Marculescu},
publisher = {IEEE/ACM Intl. Conf on Cyber-physical Systems (ICCPS)},
title = {Towards a science of cyber-physical systems design},
year = {2011},
}

@article{Broccard,
author = {F. D. Broccard, et. al},
journal = {Annals of Biomedical Engineering},
pages = {1573-1593},
title = {Closed-loop brain-machine-body interfaces for noninvasive rehabilitation of movement disorders},
volume = {42},
year = {2014},
}

@article{Collinger,
author = {J. L. Collinger et al.},
journal = {Lancet},
title = {High-performance neuroprosthetic control by an individual with tetraplegia},
volume = {381},
year = {2013},
}

@article{Ethier,
author = {C. Ethier and E. R. Oby and L. E. Miller},
journal = {Nature},
title = {Restoration of grasp following paralysis through brain-controlled stimulation of muscles},
volume = {485},
year = {2012},
}

@book{Evarts,
author = {E. V. Evarts},
publisher = {J. of Neurophysiology},
title = {Temporal patterns of discharge of pyramidal tract neurons during sleep and waking in the monkey},
year = {1964},
}

@article{Fan,
author = {J. M. Fan},
journal = {J. of Neural Eng},
title = {Intention estimation in brain-machine interfaces},
volume = {11},
year = {2014},
}

@book{He,
author = {B. He, et. al},
publisher = {IEEE Trans. on Biomedical Engineering},
title = {Grand challenges in interfacing engineering with life sciences and medicine},
year = {2013},
}

@article{Hochberg,
author = {L. R. Hochberg et al.},
journal = {Nature},
title = {Neuronal ensemble control of prosthetic devices by a human with tetraplegia},
volume = {442},
year = {2006},
}

@inproceedings{Kao,
address = {no.5},
author = {J. C. Kao and S. D. Stavisky and D. Sussillo and P. Nuyujukian and K. V. Shenoy},
booktitle = {Proc. of the IEEE},
pages = {666-682},
publisher = {102},
title = {Information Systems Opportunities in Brain-Machine Interface Decoders},
year = {2014},
}

@book{Kim,
author = {S. P. Kim et al.},
publisher = {J. of Neural Engineering},
title = {Neural control of computer cursor velocity by decoding motor cortical spiking activity in humans with tetraplegia},
year = {2008},
}

@book{Ortiz,
author = {M. Ortiz-Catalan and B. Hakansson and R. Branemark},
publisher = {IEEE Trans. on Neural Systems and Rehabilitation Engineering},
title = {Real-time and simultaneous control of artificial limbs based on pattern recognition algorithms},
year = {2014},
}

@article{Salinas,
author = {E. Salinas and L. F. Abbott},
journal = {J. of Computational Neuroscience},
title = {Vector reconstruction from firing rates},
volume = {1},
year = {1994},
unidentified = {vol},
}

@book{Sanchez,
author = {J. C. Sanchez and J. C. Principe and J. M. Carmena and M. A. Lebedev and M. A. Nicolelis},
publisher = {IEEE Engineering in Medicine and Biology Society (EMBS},
title = {Simultaneus prediction of four kinematic variables for a brain-machine interface using a single recurrent neural network},
year = {2004},
}

@book{Shoham,
author = {S. Shoham et. al},
publisher = {IEEE Trans. on Biomedical Engineering},
title = {Statistical encoding model for a primary motor cortical brain-machine interface},
}

@book{Sussillo,
author = {D. Sussillo et al.},
publisher = {J. of Neural Engineering},
title = {A recurrent neural network for closed-loop intracortical brain-machine interface decoders},
year = {2012},
}

@article{Velliste,
author = {M. Velliste and S. Perel and M. C. Spalding and A. S. Whitford and A. B. Schwartz},
journal = {Nature},
title = {Cortical control of a prosthetic arm for self-feeding},
volume = {453},
year = {2008},
}

@book{Henry,
address = {Limited},
author = {G. Henry},
publisher = {Elsevier},
title = {Gray's Anatomy 40th Edition},
year = {2008},
}

@unpublished{Sowell,
author = {F. Sowell},
note = {{\it Unpublished manuscript},
title = {Maximum likelihood estimation of fractionally integrated time series models},
year = {1989},
}

